%% This BibTeX bibliography file was created using BibDesk.
%% https://bibdesk.sourceforge.io/

%% Created for Tommy Flynn at 2023-07-17 14:12:22 -0400 


%% Saved with string encoding Unicode (UTF-8) 



@book{mcnicholas2016,
	date-added = {2023-07-17 13:53:31 -0400},
	date-modified = {2023-07-17 14:12:22 -0400},
	title = {Mixture Model-Based Classification}}

@book{gupta1999,
	author = {Gupta, A and Nagar, D},
	date-added = {2023-07-17 11:46:59 -0400},
	date-modified = {2023-07-17 14:03:57 -0400},
	publisher = {publisher = {{Taylor \& Francis}}, Taylor \and Francis},
	rating = {0},
	series = {Monographs and Surveys in Pure and Applied Mathematics},
	title = {Matrix Variate Distributions},
	year = {1999},
	bdsk-file-1 = {YnBsaXN0MDDSAQIDBFxyZWxhdGl2ZVBhdGhZYWxpYXNEYXRhXxAdLi4vLi4vRG93bmxvYWRzL2d1cHRhMTk5OS5wZGZPEQFgAAAAAAFgAAIAAAxNYWNpbnRvc2ggSEQAAAAAAAAAAAAAAAAAAADghDYAQkQAAf////8NZ3VwdGExOTk5LnBkZgAAAAAAAAAAAAAAAAAAAAAAAAAAAAAAAAAAAAAAAAAAAAAAAAAAAAAAAAAAAAAAAAAA/////+Da3asAAAAAAAAAAAACAAIAAAogY3UAAAAAAAAAAAAAAAAACURvd25sb2FkcwAAAgA0LzpVc2Vyczp0b21teWZseW5ucm9nZXJzLmNvbTpEb3dubG9hZHM6Z3VwdGExOTk5LnBkZgAOABwADQBnAHUAcAB0AGEAMQA5ADkAOQAuAHAAZABmAA8AGgAMAE0AYQBjAGkAbgB0AG8AcwBoACAASABEABIAMlVzZXJzL3RvbW15Zmx5bm5yb2dlcnMuY29tL0Rvd25sb2Fkcy9ndXB0YTE5OTkucGRmABMAAS8AABUAAgAb//8AAAAIAA0AGgAkAEQAAAAAAAACAQAAAAAAAAAFAAAAAAAAAAAAAAAAAAABqA==}}

@book{ashlock2006,
	author = {Ashlock, Daniel},
	date-added = {2023-07-03 12:46:28 -0400},
	date-modified = {2023-07-17 13:29:04 -0400},
	publisher = {Springer},
	title = {Evolutionary Computation for Modeling and Optimization},
	year = {2006}}
