@book{gupta1999,
	author = {Gupta, A. and Nagar, D.},
	publisher = {Taylor \& Francis},
	series = {Monographs and Surveys in Pure and Applied Mathematics},
	title = {Matrix Variate Distributions},
	year = {1999}}

@book{mcnicholas2016a,
	address = {Boca Raton},
	author = {McNicholas, P. D.},
	publisher = {Chapman \& Hall/CRC Press},
	title = {Mixture Model-Based Classification},
	year = {2016}}

@article{wolfe1965,
	address = {San Diego},
	author = {Wolfe, J.H.},
	institution = {U.S. Naval Personal Research Activity},
	journal = {USNPRA Technical Bulletin},
	pages = {15-65},
	title = {A computer program for the maximum-likelihood analysis of types},
	year = {1965}}

@article{viroli2011,
	author = {Viroli, C.},
	journal = {Statistical Computing},
	number = {4},
	pages = {511-522},
	title = {Finite mixtures of matrix normal distributions for classifying three-way data},
	volume = {21},
	year = {2011}}

@article{dogru2016,
	author = {Do\v{g}ru, F.Z. and Bulut, Y.M. and Arslan, O.},
	journal = {Gazi Univ. J. Sci.},
	number = {2},
	pages = {335-341},
	title = {Finite mixtures of matrix variate t distributions},
	volume = {29},
	year = {2016}}

@article{gallaugher2018,
	author = {Gallaugher, M. P. B. and McNicholas, P. D.},
	journal = {Pattern Recognition},
	pages = {83-93},
	title = {Finite mixtures of skewed matrix variate distributions},
	volume = {80},
	year = {2018}}

@article{dempster1977,
	author = {Dempster, A. P. and Laird, N. M. and Rubin, D. B.},
	journal = {Journal of the Royal Statistical Society B},
	pages = {1-38},
	title = {Maximum likelihood from incomplete data via the EM-algorithm},
	volume = {39},
	year = {1977}}

@article{aitken1926,
	author = {Aitken, A.},
	journal = {Proceedings of the Royal Society of Edinburgh},
	number = {1},
	pages = {14-22},
	title = {A series formula for the roots of algebraic and transcendental equations},
	volume = {45},
	year = {1926}}

@article{bohning1994,
	author = {B{\"o}hning, D. and Dietz, E. and Schaub, R. and Schlattmann, P. and Lindsay, B. G.},
	journal = {Annals of the Institute of Statistical Mathematics},
	number = {2},
	pages = {373-388},
	title = {The distribution of the likelihood ratio for mixtures of densities from the one-parameter exponential family},
	volume = {46},
	year = {1994}}

@incollection{lindsay1995,
	address = {Hayward},
	author = {Lindsay, B.},
	booktitle = {NSF-CBMS Regional Conference Series in Probability and Statistics},
	publisher = {Institute of Mathematical Statistics},
	title = {Mixture models: Theory, geometry, and applications},
	volume = {5},
	year = {1995}}

@article{mcnicholas2010,
	author = {McNicholas, P. D. and Murphy, T. B. and McDaid, A. F. and Frost, D.},
	journal = {Computational Statistics \& Data Analysis},
	number = {3},
	pages = {711-723},
	title = {Serial and parallel implementations of model-based clustering via parsimonious Gaussian mixture models},
	volume = {54},
	year = {2010}}

@article{schwarz1978,
	author = {Schwarz, G.},
	journal = {The Annals of Statistics},
	number = {2},
	pages = {461-464},
	title = {Estimating the dimension of a model},
	volume = {6},
	year = {1978}}

@article{fraley1998,
	author = {Fraley, C. and Raftery, A. E.},
	journal = {The Computer Journal},
	number = {8},
	pages = {578-588},
	title = {How many clusters? Which clustering method? Answers via model-based cluster analysis},
	volume = {41},
	year = {1998}}

@article{leroux1992,
	author = {Leroux, B. G.},
	journal = {The Annals of Statistics},
	pages = {1350-1360},
	title = {Consistent estimation of a mixing distribution},
	year = {1992}}

@article{keribin2000,
	author = {Keribin, C.},
	journal = {Sankhy{\=a}: The Indian Journal of Statistics, Series A},
	pages = {49-66},
	title = {Consistent estimation of the order of mixture models},
	year = {2000}}

@article{rand1971,
	author = {Rand, W. M.},
	journal = {Journal of the American Statistical Association},
	number = {336},
	pages = {846-850},
	title = {Objective criteria for the evaluation of clustering methods},
	volume = {66},
	year = {1971}}

@article{hubert1985,
	author = {Hubert, L. and Arabie, P.},
	journal = {Journal of Classification},
	number = {1},
	pages = {193-218},
	title = {Comparing partitions},
	volume = {2},
	year = {1985}}

@book{ashlock2010,
	address = {New York},
	author = {Ashlock, D.},
	publisher = {Springer},
	title = {Evolutionary Computation for Modeling and Optimization},
	year = {2010}}

@article{andrews2013,
	author = {Andrews, J. L. and McNicholas, P. D.},
	journal = {Pattern Recognition Letters},
	number = {9},
	pages = {987-992},
	title = {Using evolutionary algorithms for model-based clustering},
	volume = {34},
	year = {2013}}

@article{mcnicholas2020,
	author = {McNicholas, S. M. and McNicholas, P. D. and Ashlock, D. A.},
	journal = {Journal of Classification},
	pages = {1-16},
	title = {An evolutionary algorithm with crossover and mutation for model-based clustering},
	year = {2020}}

@inproceedings{tiedeman1955,
	author = {Tiedeman, D. V.},
	booktitle = {Symposium on pattern analysis},
	title = {On the study of types},
	year = {1955}}

@book{hastie2001,
	address = {New York},
	author = {Hastie, T. and Tibshirani, R. and Friedman, J.},
	publisher = {Springer},
	title = {The Elements of Statistical Learning},
	year = {2001}}

@article{punzo2018,
	author = {Punzo, A. and Mazza, A. and McNicholas, P.D.},
	journal = {Journal of Statistical Software},
	title = {ContaminatedMixt: An R package for fitting parsimonious mixtures of multivariate contaminated normal distributions},
	year = {2018}}

@mastersthesis{wolfe1963,
	author = {Wolfe, J.H.},
	school = {University of California, Berkeley},
	title = {Object Cluster Analysis of Social Areas},
	year = {1963}}

@book{titterington1985,
	address = {Chichester},
	author = {Titterington, D.M. and Smith, A.F.M. and Makov, U.E.},
	publisher = {John Wiley \& Sons},
	title = {Statistical analysis of finite mixture distributions},
	year = {1985}}

@article{mcnicholas2016b,
  author = {McNicholas, Paul D.},
  year = {2016},
  title = {Model-based clustering},
  journal = {Journal of Classification},
  volume = {33},
  number = {3},
  pages = {331--373}
}

@book{hastie2009,
  author = {Hastie, Trevor and Tibshirani, Robert and Friedman, Jerome},
  year = {2009},
  title = {The Elements of Statistical Learning},
  publisher = {Springer},
  address = {New York}
}


@misc{landsat,
  author       = {Srinivasan,Ashwin},
  title        = {{Statlog (Landsat Satellite)}},
  year         = {1993},
  howpublished = {UCI Machine Learning Repository},
  note         = {{DOI}: https://doi.org/10.24432/C55887}
}

  @Manual{matrixmixtures,    title = {MatrixMixtures: Model-Based Clustering via Matrix-Variate Mixture Models},    author = {Salvatore D. Tomarchio and Michael P.B. Gallaugher and Antonio Punzo and Paul D. McNicholas},    year = {2023},    note = {R package version 1.0.0},    url = {https://CRAN.R-project.org/package=MatrixMixtures},  }

@article{dasgupta1998,
  author = {Dasgupta, Anirban and Raftery, Adrian E.},
  year = {1998},
  title = {Detecting features in spatial point processes with clutter via model-based clustering},
  journal = {Journal of the American Statistical Association},
  volume = {93},
  number = {441},
  pages = {294--302}
}

@article{martinez2000,
  author = {Martínez, A. M. and Vitrià, J.},
  year = {2000},
  title = {Learning mixture models using a genetic version of the EM algorithm},
  journal = {Pattern Recognition Letters},
  volume = {21},
  number = {8},
  pages = {759--769}
}

@article{pernkopf2005,
  author = {Pernkopf, F. and Bouchaffra, D.},
  year = {2005},
  title = {Genetic-based EM algorithm for learning Gaussian mixture models},
  journal = {IEEE Transactions on Pattern Analysis and Machine Intelligence},
  volume = {27},
  number = {8},
  pages = {1344--1348}
}

@misc{pocuca2019,
      title={Assessing and Visualizing Matrix Variate Normality}, 
      author={Nikola Pocuca and Michael P. B. Gallaugher and Katharine M. Clark and Paul D. McNicholas},
      year={2019},
      eprint={1910.02859},
      archivePrefix={arXiv},
      primaryClass={stat.ME}
}

@misc{R,
  title = {{R: A Language and Environment for Statistical Computing}},
  author = {{R Core Team}},
  year = {2023},
  howpublished = {{R Foundation for Statistical Computing}},
  url = {https://www.R-project.org/}
}

@misc{Julia,
  title = {{The Julia Programming Language}},
  author = {{Bezanson, Jeff and Edelman, Alan and Karpinski, Stefan and Shah, Viral B.}},
  year = {2023},
  howpublished = {{Julia Computing}},
  url = {https://julialang.org/}
}

@article{silva2023,
    author = {Silva, Anjali and Qin, Xiaoke and Rothstein, Steven J and McNicholas, Paul D and Subedi, Sanjeena},
    title = "{Finite mixtures of matrix variate Poisson-log normal distributions for three-way count data}",
    journal = {Bioinformatics},
    volume = {39},
    number = {5},
    pages = {btad167},
    year = {2023},
    month = {04},
    issn = {1367-4811},
    doi = {10.1093/bioinformatics/btad167},
    url = {https://doi.org/10.1093/bioinformatics/btad167},
    eprint = {https://academic.oup.com/bioinformatics/article-pdf/39/5/btad167/50204870/btad167.pdf},
}

@article{anderlucci2015,
	doi = {10.1214/15-aoas816},
	url = {https://doi.org/10.1214%2F15-aoas816},
	year = 2015,
	month = {jun},
	publisher = {Institute of Mathematical Statistics},
	volume = {9},
	number = {2},
	author = {Laura Anderlucci and Cinzia Viroli},
	title = {Covariance pattern mixture models for the analysis of multivariate heterogeneous longitudinal data},
	journal = {The Annals of Applied Statistics}
}

@misc{flynn2023,
  author = {Tommy Flynn},
  title = {{MatrixVariateEA: An Evolutionary Algorithm for Model-Based Clustering}},
  year = {2023},
  publisher = {GitHub},
  journal = {GitHub repository},
  howpublished = {\url{https://github.com/TommyJohnFlynn/MatrixVariateEA.jl}},
  commit = {b83ab524bbcbaae2cfd6cae760f0f02601d09447}
}